% references.bib - Bibliography for FMAT3888 Project 2

@article{markowitz1952,
  title={Portfolio Selection},
  author={Markowitz, Harry},
  journal={The Journal of Finance},
  volume={7},
  number={1},
  pages={77--91},
  year={1952},
  publisher={Wiley}
}

@book{merton1992,
  title={Continuous-Time Finance},
  author={Merton, Robert C.},
  year={1992},
  publisher={Blackwell Publishers},
  address={Cambridge, MA}
}

@article{ledoit2004,
  title={Honey, I Shrunk the Sample Covariance Matrix},
  author={Ledoit, Olivier and Wolf, Michael},
  journal={The Journal of Portfolio Management},
  volume={30},
  number={4},
  pages={110--119},
  year={2004}
}

@article{sharpe1964,
  title={Capital Asset Prices: A Theory of Market Equilibrium under Conditions of Risk},
  author={Sharpe, William F.},
  journal={The Journal of Finance},
  volume={19},
  number={3},
  pages={425--442},
  year={1964}
}

@article{black1973,
  title={The Pricing of Options and Corporate Liabilities},
  author={Black, Fischer and Scholes, Myron},
  journal={Journal of Political Economy},
  volume={81},
  number={3},
  pages={637--654},
  year={1973}
}

@article{jorion1985,
  title={International Portfolio Diversification with Estimation Risk},
  author={Jorion, Philippe},
  journal={Journal of Business},
  volume={58},
  number={3},
  pages={259--278},
  year={1985}
}

@article{demiguel2009,
  title={Optimal Versus Naive Diversification: How Inefficient is the 1/N Portfolio Strategy?},
  author={DeMiguel, Victor and Garlappi, Lorenzo and Uppal, Raman},
  journal={The Review of Financial Studies},
  volume={22},
  number={5},
  pages={1915--1953},
  year={2009}
}

@techreport{apra2025,
  title={Quarterly MySuper Statistics},
  author={{Australian Prudential Regulation Authority}},
  institution={APRA},
  year={2025},
  type={Statistical Report},
  month={March}
}

@article{higham2002,
  title={Computing the Nearest Correlation Matrixâ€”A Problem from Finance},
  author={Higham, Nicholas J.},
  journal={IMA Journal of Numerical Analysis},
  volume={22},
  number={3},
  pages={329--343},
  year={2002}
}

@article{rockafellar2000,
  title={Optimization of Conditional Value-at-Risk},
  author={Rockafellar, R. Tyrrell and Uryasev, Stanislav},
  journal={Journal of Risk},
  volume={2},
  pages={21--42},
  year={2000}
}

@book{boyd2004,
  title={Convex Optimization},
  author={Boyd, Stephen and Vandenberghe, Lieven},
  year={2004},
  publisher={Cambridge University Press},
  address={Cambridge, UK}
}

@article{engle2002,
  title={Dynamic Conditional Correlation: A Simple Class of Multivariate Generalized Autoregressive Conditional Heteroskedasticity Models},
  author={Engle, Robert},
  journal={Journal of Business \& Economic Statistics},
  volume={20},
  number={3},
  pages={339--350},
  year={2002}
}

@article{meucci2009,
  title={Managing Diversification},
  author={Meucci, Attilio},
  journal={Risk},
  volume={22},
  number={5},
  pages={74--79},
  year={2009}
}

@article{brandt2009,
  title={Parametric Portfolio Policies: Exploiting Characteristics in the Cross-Section of Equity Returns},
  author={Brandt, Michael W. and Santa-Clara, Pedro and Valkanov, Rossen},
  journal={The Review of Financial Studies},
  volume={22},
  number={9},
  pages={3411--3447},
  year={2009}
}

@techreport{basel2021,
  title={Model Risk of FRTB Standardized Approach: I. Sensitivity Based Method},
  author={Zhan, Jiayue},
  year={2021},
  institution={Basel Committee on Banking Supervision},
  type={Working Paper}
}